1054 1292
314 96 342 129 εξ
539 105 542 107 —
559 92 602 114 DE
616 68 711 114 NOEO

455 157 771 189 CNossloRUM.

342 235 358 256 1.
373 234 450 262 Caput,
463 237 485 255 ut
496 233 586 259 videtur,
606 233 675 255 Dianae
686 234 809 262 prominente
820 234 845 256 ad
853 233 943 257 humeros

285 264 382 293 pharetra.
397 263 417 290 )(
432 262 526 284 Pharetra
540 268 567 283 ex
582 262 626 284 loro
643 263 668 284 ad
677 263 768 291 angulum
780 267 859 285 acutum
873 264 944 292 pendu-

282 294 306 315 la.
321 290 495 314 ΘΑΡΣΤΔΙΚΑ
509 303 516 307 -
531 303 539 308 -
555 290 664 320 Thaiyjrdica
677 303 685 307 -
699 303 707 308 -
724 292 769 314 Ταῦ,
779 291 802 313 Π
817 292 844 314 N.
858 299 877 319 4.

340 351 466 373 Paradoxum
477 349 556 378 aliquod
568 350 674 371 numarium
687 349 721 371 hic
731 351 749 371 in
756 350 839 371 medium
848 351 942 378 profero,

281 380 318 402 suae
330 384 428 401 monetam
442 378 486 400 urbi
501 385 549 400 meo
562 384 590 399 ex
602 379 757 407 numophylacio
768 378 869 404 adscribo,
893 380 944 407 quin

282 416 363 438 usquam
376 409 441 434 urbis,
456 412 487 429 aut
496 408 570 429 civium
584 414 656 429 nomen
665 407 770 435 exhibeam
784 411 823 428 tam
835 414 903 435 panim
912 413 943 429 ta-

278 445 327 460 men
341 438 373 459 hic
384 438 410 459 de
424 444 469 458 mea
479 436 596 458 confidentia
604 436 693 462 decedo,
708 443 766 464 quam
780 437 799 457 in
808 436 944 464 consequent-‘s

280 468 333 489 numi
343 467 404 488 dubio
414 466 485 488 indicio
498 472 531 487 me
543 465 661 487 contraham.
690 465 739 486 Non
753 471 823 493 parum
836 471 869 486 me
886 472 942 494 ange-

281 496 314 518 bat
327 496 370 517 veri
384 495 494 524 reperiundi
508 494 616 523 cupiditas;
631 494 664 515 etsi
679 494 730 515 nulla
738 495 765 515 de
775 493 893 521 ejuscemodi
907 501 942 522 op·

281 525 328 553 pido
339 525 466 550 conscientia,
480 529 539 553 atque
553 523 668 551 scriptorum
677 523 771 544 mentium
780 523 877 544 neminem
889 523 940 544 illico

283 553 390 575 absterrere
406 553 478 578 debet,
492 553 556 577 fateor
564 557 642 577 tamen,
657 559 689 573 rne
702 553 742 573 iam
755 557 808 577 tum,
822 552 877 580 quod
889 553 940 580 lege·

280 582 339 607 barn,
353 588 424 602 nomen
433 582 551 609 magistratus
561 581 673 609 suspicatum
689 581 755 607 fuiffe,
769 587 806 609 qua
821 581 840 601 in
850 581 937 609 opinione

282 617 313 631 me
323 610 385 639 magis
394 609 517 631 confirmavit
526 609 599 638 Ilgneri
607 610 712 631 aniiciffimi
723 615 791 631 numus
806 610 906 638 geminus,
920 611 937 631 in

281 639 334 666 cujus
348 638 421 667 postica
435 638 506 668 nitide,
528 642 550 659 ut
563 637 582 659 in
597 644 653 664 mea,
674 638 751 663 servata
764 638 830 666 sparsis
843 638 897 660 simin
908 645 936 660 ra-

280 668 401 719 flffiffim
412 667 523 696 pharetram
536 667 596 688 literis
611 673 649 694 pro
663 667 841 690 ΘΑΡΣΤΔΙΚΑ.
851 668 935 697 legeram

339 755 390 783 Quia
401 761 470 783 margo
484 755 536 776 numi
550 755 588 775 mei
603 755 621 775 in
634 755 695 776 antica
708 755 733 779 ita
748 755 837 776 absciffus
849 759 901 781 erat,
913 760 931 777 ut

278 784 332 806 suum
342 784 402 806 literis
416 784 468 805 urbis
480 790 552 804 nomen
561 783 728 811 exprimentibus,
742 784 763 805 &
775 784 837 805 vultui
848 785 930 806 adversis

278 812 359 841 spatium
371 812 409 834 effe
418 812 518 841 potuisset,
532 812 578 834 ficut
586 813 613 833 rei
620 813 707 834 literariae
719 813 791 834 damno
803 814 889 835 amiss'um
898 820 928 835 no

278 848 324 863 men
338 841 480 870 deplorabam,
503 842 529 862 ita
540 841 579 863 hoc
592 842 610 862 in
625 842 695 863 dolore
707 841 743 863 Inl.
757 842 850 871 Arigonii
864 849 928 864 numus

280 870 326 892 Tab.
340 869 412 892 XXIII.
424 870 451 892 N.
465 873 513 893 226.
528 870 555 891 ob
565 871 633 898 capitis
645 871 729 898 aliquam
739 870 890 896 similitudinem,
904 872 929 892 in-

277 899 401 927 dicamque,
415 905 441 920 eo
450 899 541 924 omnino,
556 906 596 927 quo
605 899 777 927 suspicabar‚loco
786 900 862 921 literas:
878 899 930 925 AT..

277 928 359 957 amplius
371 934 403 949 me
418 928 514 953 involvit,
530 928 562 949 etsi
576 928 679 954 videbam,
693 935 730 949 nec
741 928 824 950 eundem
838 929 877 950 ess‘e
885 929 929 957 pha·

276 962 333 979 retrae
347 956 412 982 situm,
430 963 468 978 nec
475 957 617 984 judicaverim,
638 957 670 979 nisi
684 958 837 986 praecipitatione
851 959 930 983 autoris,

277 994 322 1008 eum
331 986 409 1009 Zanclae
421 986 504 1008 adtribui
517 987 603 1015 potuilse.

868 1045 902 1067 Ad
