1054 1292
316 123 345 145 ⁹4
376 97 378 100 ⁴
547 115 589 138 DE
603 115 698 137 NUMO

288 171 326 193 hac
338 170 364 191 de
373 174 451 192 moneta
463 171 482 192 in
494 174 579 191 mentem
587 169 633 191 mihi
643 174 752 195 venerunt,
767 177 806 191 non
821 171 896 192 omnino
904 170 938 193 ab·

282 199 365 227 jicienda
376 199 435 225 duxi,
458 199 515 221 dubia
529 206 573 220 mea
587 206 631 220 cum
645 200 694 220 viris
708 200 779 221 eadem
793 200 812 220 in
826 206 884 220 arena
896 207 936 222 ver-

285 228 328 250 sttis
341 229 477 250 conmunicare
491 228 557 250 volui:
576 228 683 256 Coenopoii
695 229 811 256 Cyrenaicae
826 234 871 250 eum
884 229 940 250 adtri-

284 257 319 279 bui
329 257 383 286 poss'e
392 258 486 279 existimo.
516 257 594 279 Verum
603 257 656 278 illico
666 257 796 283 obmovebit,
810 259 844 286 qui
857 257 901 279 haec
914 258 942 279 le-

285 291 331 315 get,
346 288 445 315 Caenopolis
459 286 589 311 Καινηπιῖλεως
605 286 709 308 meminiss'e
722 287 801 314 quidem
811 287 940 308 Ptolemaeum

283 316 332 338 inter
345 316 403 338 urbes
418 316 534 345 Cyrenaicae
547 316 697 337 mediterraneas
705 331 713 341 ,
738 316 805 337 nullius
819 321 885 338 tamen
899 315 942 337 Koi-

284 344 498 375 νοπόλεωςίἰτηομωίῐ,
511 345 592 367 diversa'
602 345 712 374 diphtongo
725 345 801 373 scriptae.

341 403 396 431 Quid
407 404 420 425 fi
430 411 458 425 ex
467 410 526 426 numo
537 404 673 433 corrigendum
688 403 726 425 effe
736 403 871 433 geographum
884 403 942 425 adse-

283 432 363 454 rerem?
377 434 464 455 meminit
478 434 497 455 in
508 433 581 454 eodem
596 432 657 454 tractu
670 433 780 461 Neapolis,
798 432 866 453 cedo!
896 433 941 460 quis

282 462 316 484 fibi
329 462 454 490 persuadeat,
473 462 582 491 Cyrenaeos
595 462 665 483 Graeca
679 462 741 491 lingua
754 462 801 483 usos
813 461 893 483 duobus
904 468 940 489 op-

282 491 334 519 pidis
347 492 414 518 idem,
440 492 495 520 quod
511 493 609 513 notionem
628 491 715 516 adtinet,
737 489 839 519 inposuisse
856 497 940 516 nomen,

282 520 335 541 idern
348 522 398 542 enim
413 521 532 543 Graecanicis
545 521 622 542 auribus
635 520 688 541 sonat
700 519 813 545 Νεαπολις,
827 519 882 547 quod
891 519 940 540 Και-

252 557 254 561 «
282 551 367 574 mmm,
380 557 447 572 novam
461 557 533 579 nempe
546 550 615 571 urbem.
649 549 736 577 Absque
748 549 808 570 dubio
820 548 938 569 emendatio-

280 584 327 599 nem
338 578 388 599 hanc
401 585 429 599 ex
442 585 501 600 numo
519 585 611 607 urgerem
624 579 740 607 pertinacius
749 592 757 604 ‚
788 577 820 599 nifi
835 577 938 599 infortunio

280 606 362 634 peffimo
374 607 455 628 malleus
467 607 585 635 aliquantum
599 608 618 628 in
628 608 699 629 laevam
713 606 852 633 aberraviffet‚
868 611 900 631 ut,
914 613 936 627 an

280 636 324 664 post
338 635 364 657 Ο.
379 636 434 658 litera
443 636 506 661 nulla,
520 642 545 657 an
557 635 580 657 Π
591 635 758 664 consequebatur,
771 636 860 657 divinare
869 642 906 656 non
915 636 935 656 li-
953 660 957 663 .

280 669 336 691 ceat,
357 665 390 686 etfi
403 666 465 695 gentis
478 671 522 686 mos
536 665 627 686 addicere
640 665 707 694 aliquo
719 665 781 687 modo
793 665 873 686 videtur
881 680 889 690 .,
910 669 935 685 nt-

279 699 326 722 pote
336 695 354 715 in
365 695 420 721 cnjus
428 695 490 716 numis
498 693 559 716 fracta
567 694 643 717 urbium
654 695 740 716 nomina:
756 693 843 716 KTPA.
853 693 934 716 BAPK

279 724 321 745 sere
334 724 428 753 leguntur.

336 782 404 803 Video
419 782 522 803 advorsum
541 782 573 803 hic
590 781 635 803 mihi
649 782 733 810 aliquem
744 797 752 809 ‚
774 782 806 810 qui
825 782 901 802 literam
914 780 935 801 N

277 812 302 833 ad
312 811 444 839 conplendum
457 811 506 833 fabri
519 812 538 832 in
551 811 615 833 nostro
629 818 688 832 numo
702 813 783 839 σφαλμα
797 810 884 832 obtrudit
893 816 935 831 con-

276 840 355 861 fidentia
367 840 452 867 majore,
468 846 535 868 crepat
548 847 626 861 numum
636 840 656 861 P.
664 840 686 861 11.
697 838 743 861 Tab.
757 842 789 861 16.
806 839 867 860 musei
880 839 934 860 Pem-

276 868 378 890 brockiani
393 869 477 894 editum„
491 870 509 890 in
524 869 578 896 cujus
591 869 660 890 aversa
674 873 745 897 praeter
757 868 842 897 plantam
855 868 935 889 eandem

274 897 326 919 nulla
339 898 376 919 alia
394 897 501 926 epigraphe
516 904 574 925 quam
596 898 723 919 KOINON.
767 897 816 918 Vidi
829 897 872 918 haec
886 896 936 925 ipse,

274 933 345 948 verum
360 934 383 948 an
400 933 438 947 non
453 927 475 947 Π
488 933 525 955 pro
541 927 564 948 N
578 926 645 948 haberi
656 926 746 955 poterat?
760 933 823 954 nuper
831 926 936 947 admodum

274 955 320 977 mihi
334 962 402 985 numus
420 955 586 978 ΑΘΗΝΑΪΩΝ
601 963 639 984 pro
649 954 897 978 ΛΟΠΑΔΟΤΣΑῙΟΝ
903 954 936 976 ob-

272 985 334 1007 trusus
346 989 387 1007 erat
399 1000 407 1011 ‚
430 986 449 1007 in
463 993 503 1014 quo
518 992 589 1014 nempe
602 985 737 1007 deficientibus
750 984 864 1007 transversis
878 984 936 1005 lineo-

272 1015 296 1037 lis
308 1016 331 1037 A
343 1022 380 1043 pro
400 1014 426 1036 A.
435 1014 461 1035 O
473 1021 511 1043 pro
522 1015 548 1036 Ο.
563 1019 603 1035 tam
616 1014 640 1035 Η
655 1021 714 1043 quam
728 1014 848 1042 consequens
860 1012 885 1034 N
899 1019 935 1040 pro

270 1043 349 1084 duplice
361 1043 385 1065 Π
396 1043 473 1066 leffium
485 1048 541 1071 erat3
561 1042 653 1072 profe&
666 1043 680 1065 sl
691 1045 711 1066 in
723 1043 788 1066 nostro
803 1043 828 1065 N
839 1047 935 1091 “angler-
