1054 1292
323 111 583 136 CAanNfflUM
624 93 627 95 ¹
757 118 787 140 ῃ
814 92 817 93 ’

129 169 194 192 Sicilia
207 168 252 190 urbi
270 168 333 190 notius
347 167 423 189 Latinis
436 166 514 189 auribus
533 172 604 189 nomen
617 150 741 196 inposuiffe}
755 167 785 190 Ita
814 165 818 169 ’

128 198 237 220 somniantis
247 198 332 219 animum
339 197 403 218 erexit
410 196 552 218 conmentarius
560 195 585 217 de
594 195 710 225 Carthagine
719 196 787 219 Sicula

82 233 84 235 ’
129 227 161 248 CI.
169 227 272 256 Augustini
280 226 373 255 meges,
382 232 442 253 quem
450 226 470 247 in
483 224 573 247 tbefiuro
581 224 641 248 Itan:
652 225 728 247 Graevii
736 226 787 249 Sieil-

132 256 157 278 Τ.
167 255 206 278 ΧΠ
217 255 270 278 forte
280 256 392 278 adnotatum
401 255 471 283 reperi.

188 313 274 341 Verum,
283 314 328 342 quia
336 311 388 334 lesta
398 312 430 334 illa
439 311 564 341 pertraetatio
573 318 613 333 non
621 311 665 333 satis
671 311 728 333 firmo
734 312 787 340 pede

131 343 232 366 consistere
246 342 293 364 mihi
305 341 422 367 videbatur,
436 342 461 363 ad
473 341 547 363 sacram
561 342 676 370 antiquitatis
686 347 740 362 aram
751 341 787 363 Iul.

130 371 269 395 Marohionem
277 371 306 392 R.
314 371 336 392 P.
344 371 428 392 Venetae
437 370 459 392 X
468 370 548 396 Virum,
557 369 707 399 Savorgnanum
716 376 789 398 nempe

131 407 197 423 meum
204 400 366 430 confugiendum,
381 399 545 428 quaerendumque
559 399 598 421 ess'e
612 399 673 427 duxi,
687 406 712 421 an
724 399 758 421 suo
770 400 790 421 in

130 430 220 452 thesauro
228 429 348 456 ejuscemodi
361 429 413 450 numi
426 428 479 451 urbis
491 428 585 450 Carthaeae
600 428 634 456 (ad
646 435 706 457 quam
720 429 790 450 iterum

110 478 113 480 .
131 463 218 481 mentem
228 458 324 485 transussi)
339 458 417 479 nomine
430 457 517 486 pluribus
530 457 612 486 syllabis
625 458 709 479 indicato
723 457 736 479 fi
764 458 790 479 ati

134 487 277 513 conderentur5
300 493 325 508 ne
339 493 364 508 ue
383 488 435 508 enim
449 486 482 508 nist
496 487 603 508 divinando
617 487 663 508 alias
678 493 723 508 cum
759 493 792 508 ar·
834 500 839 505 -

134 517 202 541 dumo,
216 516 237 537 ὰ
253 514 312 543 quibu
349 522 369 536 m
384 515 482 537 hodiernis
497 516 621 544 antiquariis,
641 516 696 544 quod
710 516 792 544 peffime

87 563 92 566 .
132 552 165 567 me
175 544 242 570 habet,
256 544 338 571 turpiter
351 545 479 572 prolabimur,
493 544 541 566 dum
554 545 580 566 de
608 545 655 567 stato
668 551 792 574 monogram—

133 578 194 601 mate,
208 577 241 595 aut
255 572 330 601 duabus
344 571 433 601 sylhbss,
451 580 564 602 praecocem
580 551 694 597 {umentiam
708 580 792 602 pronun-

134 603 224 629 ciamus;
238 601 263 623 Id
276 601 323 623 mihi
337 601 414 630 semper
428 603 557 628 constitutum,
572 602 605 624 etsi
619 602 715 630 conjeffio
729 603 793 631 aliqua

136 631 178 654 fieti
192 637 329 659 nonnunquam
342 631 413 653 utiliter
427 631 491 660 ponit,
505 630 572 653 semini
585 633 699 654 ulteriorum
713 631 794 654 deteffi-

133 667 193 683 onum
206 659 309 685 servitura,
322 666 420 688 nunquam
429 661 498 681 melius
508 664 633 681 monumenta
642 666 701 688 quam
712 666 740 681 ex
749 667 792 684 mo-

134 689 230 711 numentis
244 688 368 717 conprobari.

194 745 244 768 Non
254 746 286 768 diu
295 746 358 768 dilaeae
366 745 408 768 sunt
416 746 528 773 auxiliares,
542 753 590 775 quas
602 745 717 774 sperabam,
731 747 795 775 copiae

135 783 148 798 a
166 775 220 797 Viro
239 775 309 797 harum
323 775 422 797 literarum
436 776 574 802 amantissimo,
594 775 723 797 confirmabat
741 776 795 797 omni
826 799 828 801 ,

137 805 254 826 humanitate
264 804 347 826 conditis
356 804 423 830 literis,
442 805 461 826 in
470 805 524 826 nullo
532 805 618 830 suorum,
632 805 665 833 qui
675 805 746 833 primas
755 805 796 826 lite-

136 841 168 856 ras
183 833 245 855 solum
259 833 339 859 iubent,
353 833 429 862 duplex
444 833 477 860 R,
495 834 550 863 quod
560 834 662 862 Haymius
676 834 710 855 fibi
725 833 796 855 videre

136 862 188 884 visus
203 862 244 889 est,
260 862 356 890 conspici:
380 862 457 888 adeffe,
476 865 520 892 qui,
540 868 561 885 ut
575 870 643 889 meus,
663 862 796 892 epigraphen:

137 891 246 913 ΚΑΡΘΑ.
262 892 385 920 piaeferrent:
410 892 470 919 alios,
490 893 523 921 qui
542 893 591 914 ultra
606 891 750 922 diphthongum
767 893 795 913 in-

138 925 214 949 tegram
234 920 254 941 E
273 921 331 942 etiam
349 920 445 947 adjectum
463 921 569 947 haberent,
591 926 648 949 atque
670 921 740 943 horum
761 921 797 942 tria

139 949 246 977 exempla,
263 949 348 978 superius
362 950 456 975 indicata,
470 951 537 972 line'ati
551 949 625 979 pidura
639 950 735 979 descripta
749 949 796 971 mihi

140 979 167 1000 ita
177 979 335 1005 communicavit,
349 983 370 1000 ut
384 979 551 1005 continuationem
565 980 682 1001 luculentam
696 980 798 1006 adjiceret,

140 1007 234 1031 submiffis
252 1008 327 1029 duobus
347 1008 393 1029 Ceae
412 1009 474 1030 insulae
493 1008 575 1037 depiffis
594 1008 748 1033 numismatibus,
768 1013 797 1028 ex

77 1037 80 1039 ’
140 1036 213 1071 quibus
224 1037 254 1059 ,de
262 1042 316 1060 certa
323 1036 501 1060 ΚΑΡΘΑΙΕΩΝ
510 1038 602 1065 1effione,
611 1038 643 1061 etli
652 1042 724 1067 praeter
731 1043 797 1058 meum

449 1067 498 1094 K3
691 1072 792 1089 numumr
