1054 1292
217 127 264 150 DE
283 125 440 160 REGIBUS
460 125 708 149 CAPPADOCIAEK
761 133 789 155 47

134 181 223 204 recenset
235 187 282 204 cun
293 183 339 203 nota
351 181 395 203 anni
409 187 428 206 π,
437 186 452 207 4
465 181 485 202 δι
498 183 516 202 6.
536 180 590 208 (16).
633 180 657 202 In
665 181 718 202 nullo
727 180 791 202 adhuc

133 211 186 232 libro
196 211 246 239 regis
253 210 309 237 hujus
317 210 394 231 vultum
403 209 505 238 depictum
513 216 546 231 me
553 210 624 231 videre
639 210 723 231 memini.
756 210 791 235 De

135 240 207 268 postica
215 243 269 268 parte
278 238 343 260 aetum
353 238 444 267 superius.

193 296 318 318 Ariarathem
330 296 392 318 filium
405 303 473 326 regem
486 296 530 318 VH
548 296 679 325 Cappadoces
693 296 792 322 habuere,
800 297 850 320 Μῖνι
867 297 887 316 1·-

136 326 169 354 qui
177 325 244 347 occifis
258 332 270 346 a
282 329 344 347 matre
356 326 446 347 Laodice
459 326 544 354 quinque
558 326 660 352 fratribus,
673 327 710 348 vix
724 326 792 347 sextus
803 322 865 341 ΧΧΧ·

135 355 175 383 ipse
192 355 268 376 feminae
282 354 373 382 regnandi
386 355 448 375 avidae
461 354 535 376 infidias
548 356 631 381 vitavit,
654 356 702 377 dum
713 355 792 376 tandem
806 348 851 366 ΠΗ·

135 384 192 412 digna
205 383 260 404 tantis
271 382 376 404 sceleribus
384 389 443 410 poena
452 389 496 403 eam
510 383 537 405 est
546 383 653 405 consecuta.
697 384 792 406 Uxorem

135 412 201 434 habuit
210 411 335 433 Mithradatis
342 411 401 432 Ponti
409 411 454 433 dein
465 411 518 440 regis
527 410 621 437 sororem„
632 419 703 434 verum
708 412 792 442 graviffi-

134 448 198 465 mum,
219 440 274 469 quod
286 441 335 462 inter
343 440 420 462 ‘ambos
437 439 573 462 intercedebat
585 440 652 462 odium
670 447 695 462 eo
715 441 793 462 tandem

135 470 206 495 evasit,
220 474 241 490 ut
250 469 299 496 juss'u
311 468 438 490 Mithradatis
453 475 491 497 per
504 468 603 490 Gordium
616 469 688 491 ducem
700 477 712 491 e
725 469 794 491 medio

134 499 243 523 tolleretur,
257 498 311 519 idem
319 497 382 519 scelus
393 498 412 525 in
421 497 530 519 Ariarathis
540 496 601 522 filios,
615 503 636 519 ut
645 498 793 526 Cappadociam

135 528 187 549 solus
197 527 295 551 retineret,
310 531 405 548 executus
414 526 483 552 fuisset,
497 525 530 547 nifi
537 525 663 548 Nicomedes
672 533 711 549 rex
721 527 792 555 Bithy-

134 556 170 578 'niae
179 555 238 577 dufla
247 556 341 578 interemti
352 555 410 576 vidua
419 556 469 577 mala
477 554 554 576 confilia
563 555 681 583 obcupaffet.
723 555 748 577 ld
760 556 792 578 hic
822 569 825 571 Δ

135 584 240 606 notandum
250 583 376 605 Ariarathem
384 584 469 606 nostrum
478 584 557 605 circiter
571 589 595 605 ιι
611 589 643 606 aut
658 590 684 606 12
699 588 743 606 ante
752 584 793 606 Mi-

134 613 242 635 thradatem
254 612 312 634 Ponti
324 619 404 641 regem,
415 613 441 635 de
456 619 496 641 quo
510 613 589 637 inferius
598 613 687 642 pluribus
701 613 735 636 suo
749 613 793 642 post

133 650 191 672 reges
199 641 296 671 Bithyniae
311 642 364 667 loco,
379 649 461 672 regnare
476 641 574 665 exorsum.
673 665 676 667 ,

190 700 323 722 Mithradates
337 700 369 721 hic
382 703 404 721 ut
416 700 462 721 alias
470 706 497 721 ex
507 700 548 722 aliis
562 699 652 722 nee'tebat
665 700 752 727 fraudes,
766 701 791 722 ita
815 700 875 718 Mle-

134 730 181 751 odio
190 730 209 750 in
220 729 307 750 sororem
317 729 348 754 ob
356 728 477 750 contractum
492 736 537 750 cum
550 729 665 751 Nicomede
680 730 792 780 conjiffiffi

135 762 241 785 concepto,
253 757 385 785 Cappadociae
392 757 464 780 throno
472 758 579 787 legitimum
586 758 657 780 mortui
665 759 718 787 regis
753 759 757 763 ‘

134 786 224 815 inposuit.¹
238 786 325 807 adtamen
332 793 358 808 eo
366 786 409 815 ipso
418 791 508 815 tempore
517 788 537 808 in
547 793 626 810 omnem
635 793 680 808 eum
689 788 792 814 evertendi

134 815 257 837 occafionem
265 816 351 837 intentus.
395 816 451 837 Hinc
459 815 540 840 fa&um‚
554 820 575 837 ut
583 815 653 837 insidiis
660 820 716 838 caute
725 817 791 838 vitatis

131 845 209 872 juvenis
218 850 263 865 mm
273 845 361 866 exercitu
374 845 392 866 ei
403 844 485 866 obviam
500 845 664 873 progrederetur,
674 852 745 867 verum
757 845 791 867 ubi

134 875 151 895 in
158 874 285 901 conloquium
291 873 370 901 aliquod
385 879 504 896 conventum
516 874 574 900 esset,
582 873 699 902 inspectante
707 879 790 903 utroque

134 903 223 924 exercitu
242 902 348 925 barbarum
365 903 383 923 in
400 903 479 924 modurn
499 910 511 924 a
525 902 646 924 Mithradate
664 903 692 925 est
710 904 790 925 occisus.

135 930 249 953 Ariarathes
263 931 295 953 hic
304 930 359 952 VIII
367 931 435 953 ordine
443 932 575 960 Cappadociae
588 932 674 960 praefuit,
689 937 747 961 atque
756 932 790 954 hu-

130 960 162 987 jus
171 961 246 982 vultum
255 961 275 982 in
285 959 413 982 describendo
422 967 481 983 numo
491 960 603 989 express'um
612 961 687 984 censeo.

453 990 474 1012 G
696 990 762 1019 Caput

158 1055 202 1080 (16)
215 1055 236 1075 In
244 1060 296 1075 numo
309 1055 380 1076 thesauri
390 1055 476 1076 Austriaci
485 1056 626 1077 Vindobonenfis
638 1055 791 1100 ιρίεῐνιωὲεξιιι-
