1054 1292
311 115 353 137 104
442 123 444 125 -
531 107 573 130 DE
594 107 688 130 NUMO

337 163 459 185 Diffimulare
468 163 501 186 hic
511 170 550 185 non
562 162 645 191 possum,
660 163 714 191 quod
723 163 846 186 Larinatium
858 171 933 187 nmium
943 176 945 178 ·

279 193 357 215 vetusto
376 192 519 214 Hetruscornm
533 196 570 221 Vaut
588 191 694 214 Samnitum
714 193 827 215 chmekere
846 193 933 223 insignem

280 219 395 244 versanti'in
404 226 490 243 mentem
500 222 566 248 venit3
584 221 608 243 T.
617 221 638 243 Π,
647 221 734 250 Haymii
748 229 789 251 pag.
800 225 841 249 167
857 223 878 243 in
886 224 935 244 notis

280 252 305 273 ad
318 251 430 272 numismata
441 250 531 273 ORRA
544 250 645 279 inscripta,
660 251 685 272 de
699 258 782 279 quorum
796 252 938 279 explicatione,

279 280 312 302 seu
323 280 383 306 urbe,
399 281 418 301 in
432 287 471 308 qua
481 280 524 301 cula
537 279 624 305 fuerant,
639 280 742 308 prodenda
749 280 843 302 hactenus
852 280 895 302 sere
904 281 938 302 de-

278 310 375 338 speratum
386 309 421 335 est,
435 309 567 336 conjee'turam
578 308 660 337 aliquam
671 316 698 330 ex
708 309 788 331 Amoris
802 309 856 339 signo
869 309 938 338 saepius

279 340 298 361 in
313 339 349 360 illis
372 339 440 360 caelato
458 339 576 360 eruditorum
595 338 700 360 discussioni
719 338 817 359 subtimide
835 338 939 367 proposui.

280 368 379 394 Alteram,
392 374 436 396 quae
451 367 484 389 hic
499 367 578 389 subnata
593 367 627 393 est‚
642 374 680 389 non
695 367 766 395 majore
779 367 857 396 quidem
872 367 940 389 confi-

281 397 353 423 dentia,
368 396 548 419 communicandam
556 400 620 417 tamen
629 397 682 418 duxi.

339 455 419 477 Constat
430 461 458 477 ex
470 457 597 480 marmorum,
611 459 670 483 atque
684 461 778 477 aenearum
791 454 899 476 tabularum
910 454 938 476 in-

280 484 413 513 scriptionibus
422 484 525 506 vetustiore
534 483 647 505 charactere
659 485 754 510 exaratis,
768 490 813 505 eam
829 483 897 511 priscis
910 484 940 505 fu·

272 513 313 541 ‘iffe
322 514 418 536 scribendi
428 514 529 539 rationem,
537 518 558 534 ut
566 513 693 535 consonantes
700 520 796 541 nunquam
806 514 939 541 genunarent3

280 542 325 563 hinc
339 542 459 568 arbitrabar,
473 543 524 564 male
543 541 645 571 hucusque
664 543 684 564 in
698 542 753 563 hisce
767 542 852 563 monetis
867 541 938 563 leaum

280 571 333 592 fuiffe
348 571 453 596 ORRA„
468 571 502 592 sed
513 572 623 593 alten-unam
635 571 772 593 consonantem
786 572 835 592 alius
846 570 887 592 soni
901 570 938 592 effe

280 599 362 625 debere,
371 605 455 627 cumque
464 605 491 620 ex
501 599 567 627 priscis
577 600 687 627 alphabetis
695 600 771 625 scirem,
780 606 871 629 magnam
881 607 906 620 ra
915 599 936 620 K

281 635 326 650 cum
336 628 358 650 R
367 627 421 650 fuiffe
430 627 576 652 similitudinem,
590 633 672 657 utraque
681 630 734 651 enim
745 629 796 658 pede
807 636 847 651 uno
857 629 936 650 brevior

280 658 300 679 id
310 657 372 679 solum
386 657 471 679 habebat
478 657 601 679 discriminis:
624 657 646 678 R
655 657 743 686 superius
752 658 842 684 clausum,
850 658 871 679 K
884 664 934 686 aper-

280 692 322 708 tum
331 685 391 713 fuiffe,
406 692 449 715 quae
462 686 561 707 diversitas
574 686 593 707 in
607 688 669 708 numis
680 692 712 708 aut
724 689 787 709 minus
800 687 891 715 servatis,
905 691 934 708 aut

280 716 385 737 incrustatis
393 715 450 737 facile
459 715 562 736 adcuratos
569 716 626 736 etiam
636 716 705 737 oculos
714 717 771 746 sugit,
780 716 891 743 censebam,
905 720 935 737 aut

258 769 261 771 .
280 744 377 771 OKRA‚
391 749 423 766 aut
438 744 526 766 ORKA
540 744 644 774 legendum
659 746 729 774 potius.

339 802 424 829 Fateor,
437 810 470 825 me
480 803 499 824 in
509 803 591 830 primam
599 802 702 825 leeiionem
715 805 778 832 magis
788 804 892 829 inclinare,
906 803 936 824 ha-

280 832 350 853 bemus
363 834 382 853 in
394 831 478 854 Umbria
496 832 524 853 cis
537 833 679 860 Appenninum
695 833 720 854 ad
733 833 793 854 Naris
807 839 852 854 cum
867 832 936 854 Tiberi

271 861 410 882 'confluentem
429 862 555 888 municipium
574 861 706 889 Ocriculum;
732 862 778 890 quid
802 861 828 887 fi,
851 861 936 889 ajebam‚

280 890 315 911 vel
329 891 348 911 in
361 891 426 911 vicina
442 890 505 917 aliqua
524 889 583 911 Italiae
598 890 677 919 regione
692 890 738 912 urbs
751 891 813 919 aliqua
827 890 883 912 Ocra
896 890 936 912 fuis·

277 918 320 945 set,
338 919 363 940 ad
378 919 432 946 cujus
446 918 547 940 discrimen
562 920 657 948 oppidum
676 920 759 941 alterum
774 919 890 941 Ocriculum
903 926 936 941 no-

279 948 372 969 minatum
387 946 461 970 fuerit?
484 948 519 970 vel
535 955 585 970 vero
599 948 640 970 hoc
653 948 714 976 ipsum
729 949 854 976 municipium
870 955 901 970 am
916 948 936 969 li·

279 977 357 1003 tudine,
372 982 393 999 ut
406 978 483 999 nomine
498 978 611 999 diminutum
624 984 652 999 ex
663 978 722 1000 ruinis
735 978 816 1005 alicujus
826 977 888 1000 Ocrae
909 984 936 999 ur·

278 1006 373 1028 rexerit?
398 1007 523 1035 suspicionem
538 1006 588 1028 hanc
602 1007 756 1035 qualemcunque
774 1007 802 1028 ita
822 1006 870 1028 boni
893 1012 936 1027 con-

277 1034 326 1057 sulat
340 1035 415 1064 leelor,
434 1040 455 1058 ut
464 1042 504 1057 non
518 1039 558 1060 tam
572 1036 675 1058 luxurianti
689 1037 778 1066 ingenio,
793 1042 851 1065 quam
865 1036 936 1069 intento

347 1071 350 1074 .
671 1080 673 1082 Ι
889 1070 910 1085 m
