1054 1292
362 116 564 139 cnosstonum.
718 115 720 117 ·
738 100 763 143 §1
807 98 809 100 ¹

138 174 190 196 enim
197 173 265 198 novit,
279 178 338 200 quam
346 172 436 201 elegante
443 171 524 193 artificio
533 170 553 192 se
560 172 697 194 commendent
704 172 792 195 Hiffiaeo-
830 194 832 197 ,

138 210 194 229 rum,
208 201 374 227 Chalcidensium,
388 201 526 224 Eretriensium
538 205 627 222 monetae.

194 260 292 282 Liberalis
304 267 351 285 ero,
366 259 460 288 fingamus
475 258 576 287 scalpturae
584 258 662 280 laudem
670 265 737 287 parem
747 262 794 287 effe,

137 290 235 313 molestius
248 289 273 311 ab
283 288 422 318 orthographia
431 289 511 316 petitum
521 289 558 310 erit
565 292 706 317 argumentum.
731 290 794 317 Quot.

152 324 187 341 uot
199 318 296 341 Euboicae
309 318 387 346 Carysti
401 322 469 339 certos
480 322 568 339 tenemus
581 324 649 339 numos
657 332 664 343 .,
688 324 757 339 omues
767 320 794 341 illi

137 327 241 370 lla-undam
254 348 348 369 vocalem
365 346 391 368 '1'-
399 346 482 372 habent,
503 345 684 369 ΚΑΡΤΣΤΙΩΝ.
699 346 794 375 inscripti,

137 384 163 399 eo
170 378 263 399 nimirum
278 377 353 402 modo,
373 382 434 404 quem
447 376 499 404 apud
514 382 583 398 omnes
596 376 679 397 Graecos
694 375 795 398 hillericus

137 406 281 433 observamus;
300 406 333 427 ubi
346 405 414 433 paullo
429 404 514 432 superRJs
530 404 608 426 adduffl
617 420 625 430 .,
649 405 669 427 ὰ
683 411 733 433 quos
746 406 795 427 alios

138 435 191 460 vidi,
213 434 229 456 I.
243 434 361 456 substitutum
373 434 480 462 praeferunt.
519 434 574 459 Erit,
598 434 740 462 quirreponan
759 441 794 463 po-

136 463 189 485 tuiss'e
204 463 248 484 sane
261 464 355 491 temporis
369 462 422 490 lapsu
431 478 438 490 ‚
463 468 482 484 ut
494 463 534 492 ipsa
547 463 636 484 caelatura
648 463 730 485 defluxit
738 479 745 489 ‚
769 464 795 485 itz

137 493 156 514 in
171 492 330 522 orthographiam
346 493 405 514 etiam
418 492 490 521 aliquid
507 492 630 518 mutationis,
651 497 684 514 aut
694 492 744 515 labis
758 493 794 515 ob·

136 528 213 550 repere.
244 532 246 534 .

195 579 272 602 Ver'um
288 586 325 602 nec
340 580 375 602 sub
388 581 425 602 hac
437 581 497 603 lorica
511 585 573 602 tutum
589 580 628 602 effe
639 582 710 609 patiar:
728 580 795 602 adsum

136 609 274 637 imperatorum
286 611 338 631 numi
349 610 440 637 Trajani,
455 610 474 631 &
487 610 582 631 Antonini
595 610 625 631 Pii
640 610 693 638 apud
708 610 795 631 Vaillan-

100 657 103 661 ,
135 639 181 660 tium
190 653 197 664 ‚
223 639 256 667 qui
269 645 294 659 ne
309 639 406 660 minimum
423 640 441 660 in
457 639 510 660 urbis
523 639 631 667 epigraphe
647 640 673 661 ab
687 640 795 667 antiquiore

135 667 170 688 illo
184 667 256 688 Goltzii
275 667 320 688 Tah.
335 667 369 690 XI.
384 668 431 689 NJ.
446 667 558 692 discedunt,
578 668 629 688 cedo
643 668 694 692 iarn,
716 667 794 695 quando

136 702 187 724 ergo
200 696 283 724 Carystii
297 697 316 717 in
329 702 374 717 eam
389 695 499 717 barbariem
508 710 516 720 -,
539 702 596 723 quam
611 695 754 724 Savorgniani,
773 695 794 717 δι

135 725 240 746 istiusmodi
250 725 281 746 alii
295 726 347 746 numi
362 725 469 750 exhibent,
483 724 572 745 devoluti
585 724 638 750 sunt,
652 729 674 745 ut
683 725 718 746 vel
729 731 794 746 emen-

134 754 180 778 date
195 754 290 775 scribendi
308 754 361 775 urbis
378 754 415 775 suae
432 754 513 774 nominis
533 753 713 775 obliviscerentur?
740 753 793 782 Quid

135 783 189 811 quod
209 783 251 804 haec
266 783 306 811 ipsa
324 783 447 812 augustalium
467 789 570 804 numorurn
588 784 702 811 conparatio
718 789 793 804 novum

135 811 181 833 mihi
196 812 257 833 telum
270 812 392 840 subpeditet;
416 818 484 840 magna
498 811 576 839 semper
589 812 619 833 vis
635 811 681 833 inest
696 812 708 833 fi
723 818 793 833 norum

123 841 247 863 'fimilitudini
259 841 283 862 ad
299 846 389 863 monetas
398 841 449 863 forte
458 840 526 862 dubias
538 840 575 862 suis
590 841 670 862 urbibus
684 842 709 862 ad
718 841 794 862 criben-

134 870 169 891 das
178 885 185 896 .,
210 870 295 892 eundem
307 877 357 891 vero
370 871 442 899 gallum
456 870 583 898 gallinaceum
596 871 614 891 in
627 870 723 892 Antonini
734 876 793 891 numo

133 902 178 920 c‘um
191 899 314 927 inscriptione
328 898 504 920 ΚΑΡὙΣἸῚΩΝ
518 899 657 927 conspicimus,
671 900 704 927 qui
717 901 754 921 iam
764 906 793 921 re-

134 932 187 949 mota
206 933 261 950 aetate
280 929 328 949 intra
346 928 462 956 quadratum
482 928 555 949 Goltzii
571 928 635 949 cristas
652 929 753 958 erigebat,
772 928 793 949 id

133 960 211 985 quaero,
226 964 250 978 an
264 957 316 979 nulla
329 958 403 979 ratione
410 957 437 985 ‘fit
451 957 567 985 probabile,
588 962 609 979 ut
622 958 689 984 cives,
709 959 743 986 qui
756 957 792 978 suae

132 986 219 1013 pecuniae
233 986 284 1015 figna
298 987 322 1008 ad
340 987 434 1008 Antonini
447 987 549 1015 imperium
562 991 602 1008 tam
615 987 704 1015 religiose
719 985 793 1008 constr-

132 1019 242 1041 vaverunt‚
266 1016 287 1037 iu
296 1016 348 1038 urbis
361 1017 438 1038 nomine
449 1016 514 1038 literas
523 1016 627 1045 aliquando
634 1014 748 1037 mutass'ent'?

422 1073 476 1095 M2
713 1058 784 1096 Haec-
