1054 1292
269 125 298 150 5⁶
384 121 430 143 DE
444 119 605 143 Rsscmus
615 107 812 144 BITHYNIJR

328 176 350 197 P.
365 175 478 197 Harduinus
493 176 511 196 in
526 176 609 197 CbramoI.
629 177 650 196 V.
668 174 747 204 Testam*
762 176 843 203 epochae
857 176 931 205 Bithy-

270 207 318 228 nicae
336 206 408 227 initium
426 211 456 225 an,
479 203 506 225 V.
520 204 544 225 C.
564 210 613 233 442.
628 205 738 230 constituit,
753 211 793 233 quo
807 205 854 226 item
869 206 931 227 altera

270 234 418 256 Seleucidarum
432 234 534 261 occoepit:
561 234 670 255 Vaillantius
685 234 772 255 medicus
787 233 808 254 ἃ
822 233 931 256 Moreuius

270 264 311 291 ejus
326 267 390 284 ortum
405 262 431 283 ab
445 268 474 283 an
489 261 517 283 V.
532 262 557 283 C.-
570 264 619 288 47⁶·
634 262 736 284 deducunt.
767 262 844 285 Verum
859 270 888 285 ex
904 270 933 285 ra-

271 292 354 315 tionibus
369 291 488 312 adducendis
503 290 579 312 necess'e
594 291 633 316 est,
647 291 721 313 initium
730 291 755 312 ab
770 298 799 312 an
810 291 838 312 V.
848 292 871 313 C.
883 297 933 319 474.

271 320 413 346 derivandum,
427 326 495 341 eccas:
510 320 556 348 quia
564 320 617 341 numi
632 327 708 346 omnes,
716 321 750 348 qui
759 327 810 342 anno
819 321 885 349 aliquo
899 328 932 343 an-

271 351 342 372 teriore
355 349 405 371 ula-a
422 352 469 375 187.
483 348 565 376 percuffi
574 348 626 374 sunt,
641 348 721 371 ssmilem
736 350 788 378 regis
803 350 879 371 vultum
895 356 934 372 ex-

271 379 351 403 hibent,
363 385 423 406 quern
438 377 453 398 1.
468 378 488 398 &
502 377 528 398 Π.
542 383 602 398 numo
617 378 702 403 caelavi,
716 379 747 399 cui
767 385 817 399 anno
836 379 848 400 sl
864 380 932 407 adjun-

270 413 327 438 gatur
347 413 407 428 annus
426 407 507 434 epocha
526 410 574 432 474.
594 405 648 427 dabit
662 413 733 428 annum
747 406 774 427 V.
781 406 804 428 C.
820 409 874 433 660,
889 415 933 436 quo

271 437 313 466 ipso
326 443 363 464 per
377 435 462 463 superius
476 434 528 456 dicia
542 439 629 456 mumius
643 435 671 456 est
685 434 794 457 Nicomedes
805 435 830 459 Π..
843 436 892 464 (27)
907 436 933 458 In

270 466 333 488 numis
347 464 408 486 tribus
426 464 467 485 auis
485 463 558 485 scilicet
576 470 621 485 cum
642 464 696 485 annis
713 468 768 490 198,
783 470 831 486 200.
846 465 867 486 &
882 470 933 491 205.

271 495 299 516 ob
315 494 355 514 oris
369 493 484 515 lineamenta
498 492 576 513 diversa
591 492 699 515 Nicomedes
708 493 739 515 ΠΙ.
747 493 868 522 agnoscitur,
881 501 933 522 quo-

269 529 315 544 rum
329 521 436 549 postremus
451 526 496 541 eum
510 527 561 541 anno
576 522 625 547 678.
643 522 684 548 eJus
702 527 786 544 mortem
806 523 934 550 praecedente

271 549 411 573 adcurariffime
426 548 524 570 consentit.
553 549 608 569 Anni
622 551 640 570 in
655 552 717 572 numis
731 551 755 572 C.
769 551 841 579 Papirii
855 551 933 573 Carbo-

271 581 301 602 nis
316 579 394 608 fignati,
408 578 434 599 ad
449 584 509 599 annos
524 577 551 598 V.
567 577 590 598 C.
606 580 654 604 695.
669 579 689 599 &
704 581 753 604 697.
760 579 875 606 ascendunt,
890 581 934 608 qui-

272 609 310 630 bus
324 608 414 636 praetoria
428 606 522 635 potestate
537 605 652 634 Bithyniam
671 607 796 633 obtinuerat,
816 610 869 630 annis
887 614 913 635 15
927 623 935 635 .,

272 637 374 667 postquam
388 637 407 657 in
422 636 543 663 provinciam
558 635 585 657 est
599 635 684 657 redasta.
719 636 799 658 Numus
810 637 857 664 Julii
871 637 935 659 Caesa-

272 667 299 688 ris
313 673 324 687 a
339 665 436 687 Moreilio
451 664 552 686 adnotatus
567 664 664 692 epocham
679 665 750 690 habet,
769 672 812 693 quae
828 666 846 686 in
861 672 934 687 annum

273 695 301 716 V.
316 694 339 715 C.
360 699 408 721 715.
427 693 507 718 incidit,
526 700 566 721 quo
581 693 623 721 ipso
637 693 701 715 Caesar
715 694 740 715 ab
755 694 835 722 Lepido
849 693 935 716 difflatur

273 724 301 746 est
316 728 392 745 creams
403 722 461 750 juxta
474 722 561 744 Dionem
577 722 601 744 L.
616 722 668 744 XLI.
688 723 737 750 (28)

857 769 904 791 Hac

301 848 345 873 (²7)
357 847 401 866 Cum
410 851 480 868 numus,
488 846 510 864 de
519 851 555 869 quo
562 848 603 864 nota
612 845 818 870 praecedentifflmiliimm
826 844 846 863 fit
854 844 892 862 aliis
900 844 934 863 Ni-

325 872 403 892 comedis
415 872 437 891 ΙΙ.
446 871 497 896 ipiius
510 870 585 894 Haymii
592 873 692 895 argumento
700 876 747 890 mois
759 871 809 894 hujus
817 869 861 893 regis
873 869 891 888 in
905 875 934 888 an-

326 904 367 917 num
376 903 417 917 aerae
428 895 526 919 Bithyniae
537 900 578 920 187.
590 896 616 915 seu
623 897 647 916 V.
658 896 678 915 C.
689 896 731 916 660.
740 895 813 915 conferri
825 900 860 914 non
873 894 934 920 potest.

299 924 341 949 (28)
353 924 388 943 His
399 928 434 942 non
448 921 554 941 obstantibus
563 922 623 941 maluit
634 922 672 941 CL.
686 921 789 941 Froelichius
800 926 840 940 aerae
850 920 933 944 Bithyni-

325 955 352 969 cae
364 948 430 968 initium
443 948 465 967 ab
476 952 503 965 an.
518 948 541 966 V.
551 948 570 966 C.
582 949 626 970 466.
638 953 678 967 curn
690 947 774 971 Synoello
788 946 853 965 ducere
865 946 888 965 ob
904 952 934 964 nu-

326 981 372 994 mum
388 975 455 999 epocha
472 978 513 998 ²0?-
527 973 545 993 in
564 974 622 992 museo
642 973 733 997 Theupoli
744 973 833 996 insignem.
847 972 876 997 qui
888 972 933 990 ultra

325 1003 398 1020 mortem
410 999 515 1020 Nicomedis
525 1000 559 1018 111.
572 999 589 1018 in
604 999 671 1018 statutis
684 998 707 1017 ab
723 998 803 1021 Hayrnio
819 998 889 1017 calculis
903 1002 933 1015 ex-

327 1028 415 1049 curreret,
428 1026 496 1048 maluit,
507 1024 585 1049 inquam,
593 1025 655 1044 donec
664 1029 727 1048 nempe
738 1030 762 1042 ex
767 1024 845 1049 pluribus
852 1024 933 1046 detegen-

325 1052 353 1071 dis
364 1051 419 1070 numis
431 1052 494 1071 certius
506 1050 570 1075 aliquid
583 1053 655 1069 eruatur.
681 1049 729 1068 Vide
740 1049 795 1069 Narin
807 1049 886 1069 Element.
894 1047 933 1067 Nu-

323 1079 358 1097 mis.
364 1084 378 1097 c.
388 1075 423 1097 IX.
431 1080 468 1102 pag.
484 1075 524 1102 196.
